Company,Month,Revenue,Expenses,Profit
"Brown, Hopkins and Johnson",1979-12,43105.84,41355.23,1750.6099999999933
Mays PLC,1986-03,46071.38,12413.71,33657.67
Flynn-James,1982-05,19342.27,10510.45,8831.82
Smith-Harris,1983-02,64312.18,48080.93,16231.25
Walker-Hernandez,2009-04,38481.98,33487.59,4994.390000000007
"Nelson, Shaw and Wheeler",1997-02,76812.1,24504.54,52307.560000000005
Luna and Sons,1972-06,80300.87,54233.33,26067.539999999994
Torres-Clark,2011-01,39781.04,21469.86,18311.18
Munoz-Knight,2021-07,67694.56,44499.39,23195.17
Jimenez-Martin,1971-06,74793.1,56928.38,17864.72000000001
Henderson Ltd,1991-01,18180.08,15647.93,2532.1500000000015
"Williams, Pittman and Tyler",2006-01,41736.02,29688.51,12047.509999999998
Diaz-Anthony,2005-03,68170.24,44411.58,23758.660000000003
Murray PLC,1980-04,13474.82,10396.18,3078.6399999999994
"Wong, Hayes and Wright",2015-10,51369.51,11744.93,39624.58
Anderson-Cole,1997-04,28837.11,16351.47,12485.640000000001
West and Sons,1999-02,92586.95,23125.5,69461.45
"Barajas, Hart and Oconnor",2021-04,88594.29,79772.27,8822.01999999999
Christian-Johnson,1973-05,13264.64,11466.13,1798.5100000000002
Larson-Boyer,2005-02,18382.93,17346.14,1036.7900000000009
Barrera Ltd,1992-11,43060.76,37424.98,5635.779999999999
"Lawson, Sims and Rodriguez",1978-05,70646.94,52663.6,17983.340000000004
Davis-Hernandez,1996-04,52876.21,32105.13,20771.079999999998
Fox-Frazier,2014-11,32770.15,22836.45,9933.7
Kennedy-Stevens,2016-11,80741.13,14681.17,66059.96
Johnson-Summers,2007-04,53189.45,10720.64,42468.81
Williams-Morgan,2023-04,54859.09,24076.19,30782.899999999998
"Pratt, Saunders and Weaver",2004-12,74105.76,44611.06,29494.699999999997
Martinez Inc,1985-06,71108.66,42168.22,28940.440000000002
"Elliott, Kelly and Brown",2005-09,62085.08,48188.69,13896.39
"Whitaker, Manning and Ewing",1977-12,40128.04,17884.72,22243.32
Harris-Thompson,2002-10,39750.7,33703.21,6047.489999999998
Tran-May,1989-10,95063.52,51160.47,43903.05
"Martinez, Ford and Bush",2017-05,91064.01,82308.36,8755.649999999994
Burke-Ayers,2020-06,63668.1,22025.2,41642.899999999994
Pugh-York,1999-01,10319.12,10189.78,129.34000000000015
"Brown, Poole and Torres",1998-07,49554.82,25363.62,24191.2
"Carter, Keller and Johnson",1988-05,86780.14,46050.16,40729.979999999996
"Marquez, Gutierrez and Johnson",1997-12,15273.78,12592.11,2681.67
Smith Ltd,1997-10,53177.86,46959.53,6218.330000000002
Jenkins and Sons,1975-05,14393.38,10586.04,3807.3399999999983
Rangel-Hanson,1995-02,76069.69,15831.65,60238.04
Fowler-Nash,2019-04,27729.0,12268.02,15460.98
Jackson-Phillips,2004-03,14096.6,12407.32,1689.2800000000007
Poole-Potts,1970-09,20797.72,16851.72,3946.0
"Barnett, Perry and Ford",2009-07,82914.57,73387.7,9526.87000000001
"Adams, Adams and Gardner",1980-12,62907.82,29177.2,33730.619999999995
Hamilton LLC,2012-09,82629.89,73208.49,9421.399999999994
Arnold-Baker,2008-08,43004.16,14790.68,28213.480000000003
Estrada-Griffin,2011-03,17806.84,15219.66,2587.1800000000003
Oconnor-Hubbard,1973-05,33972.13,14206.01,19766.119999999995
Brown-Garcia,1989-05,61439.5,11722.61,49716.89
Williams-Donaldson,1983-11,78110.94,12891.73,65219.21000000001
Gardner Ltd,2000-09,90490.44,13264.74,77225.7
"Wilson, Lam and Green",1974-07,82911.21,62733.22,20177.990000000005
Bright-Phillips,2007-12,90456.0,16689.46,73766.54000000001
Campos-Moore,2005-03,17856.78,12224.91,5631.869999999999
Cox Inc,2007-06,11454.72,10887.19,567.5299999999988
Villarreal Inc,1996-11,50329.94,12684.18,37645.76
Davis-Warren,1980-08,22384.53,13365.91,9018.619999999999
"Avila, Graham and Lee",1989-05,48153.07,30771.93,17381.14
"Mills, Church and Smith",1990-05,56086.56,30111.12,25975.44
"Kelly, Mcdaniel and Hawkins",2020-02,45810.28,22046.77,23763.51
"Williams, Day and Conrad",1999-11,62634.66,26166.82,36467.840000000004
Vasquez Inc,2014-06,38477.39,15746.57,22730.82
"Potts, Warren and Porter",2020-06,27763.14,23049.4,4713.739999999998
Barnett PLC,2005-06,84380.49,56426.67,27953.820000000007
Logan-Lewis,1991-06,66527.98,65661.34,866.6399999999994
Robinson-Morgan,1974-03,73030.88,40114.93,32915.950000000004
Carr-Crosby,1994-02,36916.43,18734.8,18181.63
"Best, Palmer and Aguirre",2013-06,69995.07,14305.17,55689.90000000001
"Rodriguez, Nunez and Rodriguez",2019-08,91011.69,15900.98,75110.71
Johnson-Cohen,1993-01,45843.52,21359.37,24484.149999999998
Burton-Davis,2001-07,95586.68,80270.01,15316.669999999998
Yang-Henderson,2009-04,81985.44,42742.61,39242.83
"Cole, Lopez and Hernandez",2001-05,32818.93,18185.63,14633.3
"Romero, Stewart and Smith",2009-02,32994.48,31587.82,1406.6600000000035
Hill PLC,1981-02,23315.24,18557.71,4757.5300000000025
Mosley-Stone,2022-11,32315.88,11380.56,20935.32
"Nolan, Wilcox and Beard",2011-04,50884.22,23374.55,27509.670000000002
Rivera Inc,2017-11,34951.44,17150.08,17801.36
Bentley-Orozco,2006-11,35988.65,33585.85,2402.800000000003
Hess Group,2021-05,95819.36,40035.7,55783.66
Stout-Compton,1971-11,84685.19,48286.7,36398.490000000005
"Butler, Lynch and Graves",1980-06,54444.66,16160.42,38284.240000000005
"Stone, Armstrong and Carpenter",2006-01,10271.38,10224.85,46.529999999998836
Bell-Peterson,2001-06,63884.89,14065.56,49819.33
Benjamin Inc,1985-02,27348.85,23458.22,3890.6299999999974
"Gutierrez, Cook and Day",2005-08,52261.13,20087.1,32174.03
Jackson PLC,1989-11,77867.38,45972.67,31894.710000000006
"Johnson, Moreno and Best",2021-09,68529.54,14643.97,53885.56999999999
Murphy LLC,2008-03,36363.16,21127.57,15235.590000000004
"Brooks, Hill and Wong",2021-08,23456.73,11626.9,11829.83
Crawford Group,2022-06,38612.18,36242.66,2369.519999999997
Smith Ltd,1991-12,88715.99,78699.81,10016.180000000008
Young-James,1986-08,32415.51,19995.86,12419.649999999998
Green-Henry,2002-02,83468.97,46229.13,37239.840000000004
Mayo-Jackson,2021-04,52114.85,50994.28,1120.5699999999997
"Bradley, Ferguson and Liu",1970-04,85037.36,35642.22,49395.14
Guerrero PLC,2021-08,83730.31,32605.28,51125.03
Lewis and Sons,1974-04,98092.57,57451.57,40641.00000000001
Jones-Nolan,1995-06,80667.87,70583.42,10084.449999999997
Erickson Inc,1987-12,67712.75,62259.04,5453.709999999999
Mccoy-Doyle,2024-03,25634.86,13939.75,11695.11
"Williams, Hernandez and Simpson",1971-01,62004.32,30320.27,31684.05
"Benson, Wolf and Casey",1993-10,62560.09,23651.08,38909.009999999995
Wolf PLC,2005-02,30746.41,26074.92,4671.490000000002
Hodges and Sons,2008-03,45053.56,14142.52,30911.039999999997
Cobb Group,1973-01,50714.54,46508.22,4206.32
Brown Group,1993-05,78490.68,64355.02,14135.659999999996
Nelson Ltd,1993-12,92010.46,70117.73,21892.73000000001
Barnett-Petty,1979-09,18349.67,18280.71,68.95999999999913
"Malone, Freeman and Alvarado",1986-09,52275.36,21265.32,31010.04
Gonzalez-Peck,1978-06,23906.5,20455.51,3450.9900000000016
Hernandez-Walsh,2012-11,14057.32,13112.85,944.4699999999993
Reid-Wright,1985-05,88704.98,45286.14,43418.84
"Simpson, Barber and Ross",2005-03,24573.86,15457.7,9116.16
"Gomez, Lynch and Monroe",1997-08,48842.95,32734.93,16108.019999999997
"Sherman, Maldonado and Davis",1986-10,67470.53,34773.44,32697.089999999997
Hart and Sons,1974-02,17174.31,10561.99,6612.3200000000015
"Marshall, Smith and Hendricks",1999-12,46785.28,23005.77,23779.51
Hernandez-King,2006-01,21014.93,14975.9,6039.030000000001
"Lewis, Parsons and Grant",1972-05,11215.98,11082.61,133.36999999999898
Cuevas-Daniel,1976-09,29825.7,17083.57,12742.130000000001
"Barber, Parker and Suarez",2003-03,65973.27,29446.29,36526.98
"Ochoa, Smith and Smith",1970-07,54296.69,19975.27,34321.42
Berg-Mclean,1970-11,47733.4,17334.05,30399.350000000002
Maynard-Anderson,1991-09,64396.54,24745.62,39650.92
Chan and Sons,2011-07,55217.76,14809.17,40408.590000000004
"Jackson, Mcneil and Lewis",2002-09,16283.83,13078.07,3205.76
Lawrence-Rogers,2020-06,82477.71,77375.88,5101.830000000002
Campbell and Sons,1997-10,50261.25,34669.0,15592.25
"Williams, Reed and Holmes",2013-11,96522.49,30549.89,65972.6
Brown Inc,1982-02,45541.4,14061.54,31479.86
Kane LLC,2022-04,45000.11,16223.45,28776.66
Garcia and Sons,1998-12,72632.51,18351.74,54280.76999999999
Matthews-Martin,1991-03,15008.14,12943.28,2064.8599999999988
Palmer-Phillips,1977-08,69006.43,44554.21,24452.219999999994
Wright Ltd,1970-11,91019.79,80252.26,10767.529999999999
Payne-Phillips,1985-06,31053.62,24093.21,6960.41
"Guzman, Smith and Pierce",1984-02,94133.77,59368.44,34765.33
Williams Ltd,2006-04,98483.44,82246.39,16237.050000000003
"Rogers, Paul and Smith",1984-04,81540.55,79371.78,2168.770000000004
Greene-Lucas,2014-06,68664.14,15330.79,53333.35
"Schroeder, Drake and Jackson",1993-07,27649.17,25453.33,2195.8399999999965
Rodriguez and Sons,1973-06,44430.01,14252.25,30177.760000000002
Boyle-Maxwell,1983-09,48117.66,38513.91,9603.75
Williams Inc,2023-10,95368.11,71027.12,24340.990000000005
Mcintosh-Larson,2001-02,59525.43,24243.15,35282.28
Hall-Reid,1989-02,22607.96,15410.3,7197.66
"Blair, Fletcher and Wolf",1973-07,62604.32,14886.57,47717.75
Hansen-Hancock,2004-10,90796.97,82865.88,7931.0899999999965
Andrews-Robinson,1982-08,42980.08,21609.19,21370.890000000003
"May, Gonzales and Salazar",1984-06,86763.57,51592.66,35170.91
Ellis and Sons,2017-06,78578.93,28605.82,49973.10999999999
Parker-Mathews,1991-02,33557.76,27168.73,6389.0300000000025
"Frazier, Cole and Pitts",1974-09,99190.67,42308.83,56881.84
Reed PLC,1987-06,44379.34,13286.34,31092.999999999996
Farley Group,2004-08,78993.99,49339.38,29654.610000000008
Davidson-Alvarado,1988-11,29019.55,23566.19,5453.360000000001
Estrada Group,1977-10,26915.64,15269.76,11645.88
May Group,2017-07,13187.31,12583.85,603.4599999999991
"Brown, Smith and Leonard",1999-01,77043.0,74474.94,2568.0599999999977
Leon and Sons,2000-05,17032.55,12309.29,4723.259999999998
"Dickerson, Park and Nguyen",1988-09,80931.72,58694.3,22237.42
Williams Inc,2006-05,14738.5,11680.25,3058.25
Hayes Ltd,1979-05,65497.73,26701.21,38796.520000000004
Jenkins Ltd,2012-07,90881.66,60355.43,30526.230000000003
"Weeks, Francis and Joseph",1980-08,69317.11,50497.52,18819.590000000004
"Evans, Pace and Flynn",2016-10,32240.05,31046.37,1193.6800000000003
Peterson-Sandoval,2001-09,66571.75,54165.23,12406.519999999997
"Nunez, Baker and Dixon",1990-04,20156.05,17953.18,2202.869999999999
"Grimes, Lambert and Hunter",2006-11,46394.44,25143.14,21251.300000000003
Watson Inc,1982-07,18649.69,11488.11,7161.579999999998
Ballard-Davis,2022-08,67099.95,55480.96,11618.989999999998
Smith Inc,2007-05,92719.77,75000.35,17719.42
King-Nguyen,1971-05,97300.35,22092.68,75207.67000000001
Ross-Porter,1988-12,80494.79,10883.09,69611.7
"Hamilton, Gibson and Henderson",2005-12,62585.39,42906.28,19679.11
"Young, Garza and Johnson",1974-06,84990.33,81015.19,3975.1399999999994
"Mueller, Franklin and Donovan",1970-10,82060.28,13722.7,68337.58
Austin-Brown,1979-12,68267.5,22705.47,45562.03
Jensen-Mcfarland,2007-02,86325.95,60760.89,25565.059999999998
Johnson-Kennedy,1977-02,75050.1,41693.18,33356.920000000006
Williams-Cain,1973-11,71519.76,29644.66,41875.09999999999
"Vazquez, Johnson and Parsons",2021-07,20287.06,20170.38,116.68000000000029
Garcia PLC,1994-01,38962.42,18691.56,20270.859999999997
Meadows-Campbell,1993-05,34050.49,32188.22,1862.2699999999968
Barrett Group,2013-04,90503.43,84710.59,5792.8399999999965
Hudson Ltd,1983-06,87126.77,37153.64,49973.130000000005
"Bridges, Jones and Avila",1995-08,76704.02,55855.61,20848.410000000003
Ayala-Williams,2000-10,34544.39,32494.27,2050.119999999999
Giles-Nichols,1971-12,76494.61,72644.34,3850.270000000004
Bond Inc,2000-08,71073.38,31767.75,39305.630000000005
Brown-Gordon,1973-07,63888.78,15028.53,48860.25
Buchanan-White,1977-05,94862.7,65189.01,29673.689999999995
Moore-Anderson,2003-01,77390.4,34551.36,42839.03999999999
Baker Group,2005-09,65004.72,36092.37,28912.35
"Gentry, Mcdonald and Davenport",1992-06,90983.64,88289.07,2694.5699999999924
Moran Ltd,2020-09,56426.29,11370.73,45055.56
"Baxter, Kelly and Robinson",1984-04,71712.77,26287.17,45425.600000000006
Aguilar and Sons,2011-07,89822.49,77868.62,11953.87000000001
Strickland LLC,2002-12,68218.57,10047.13,58171.44000000001
"Ramos, Acevedo and Anderson",2016-04,50861.31,10048.37,40812.939999999995
"Kemp, Riddle and Mcneil",2006-05,12188.55,10399.1,1789.449999999999
Steele Inc,2020-12,29962.46,18738.46,11224.0
"Li, Chandler and Brock",1977-11,85882.9,80065.9,5817.0
"White, Wilkins and Watson",1977-05,16884.17,11064.76,5819.409999999998
Santos-Carroll,2013-09,69717.23,42549.35,27167.879999999997
Murphy-Myers,2005-02,23906.52,20819.41,3087.1100000000006
Lopez and Sons,1979-01,16554.6,13605.51,2949.0899999999983
Harper and Sons,1995-07,48254.51,32171.33,16083.18
Wang and Sons,1970-06,26934.53,10195.26,16739.269999999997
"Anderson, Johnson and Ingram",2005-05,88317.86,14186.32,74131.54000000001
Bolton-Miles,1975-07,23434.46,20817.91,2616.5499999999993
Carlson-Ramirez,2023-02,79186.85,34556.34,44630.51000000001
Rodriguez Group,2020-07,18771.27,18049.98,721.2900000000009
Armstrong Group,2015-03,39507.48,28671.57,10835.910000000003
Orozco Ltd,2022-10,56576.8,45147.68,11429.120000000003
Villegas-Padilla,1972-04,87767.92,58008.71,29759.21
Sanchez-Prince,2022-11,10524.69,10215.73,308.96000000000095
"Page, Washington and Vazquez",1991-08,85263.18,15978.97,69284.20999999999
Jones-Bauer,2019-09,66409.45,12396.96,54012.49
King-Rodriguez,2014-07,80708.77,51862.62,28846.15
Salazar-Robinson,1988-11,83294.11,23426.16,59867.95
"Cox, Freeman and Bowman",1982-03,87895.47,75078.6,12816.869999999995
Brown-Hill,1976-01,59152.96,24450.48,34702.479999999996
Kirby Inc,1996-05,48005.65,46821.72,1183.9300000000003
"Morgan, Ball and Washington",2018-03,25379.44,10424.9,14954.539999999999
Chen PLC,1991-12,71033.89,11402.34,59631.55
"Lloyd, Montgomery and Thomas",1981-09,19903.0,18430.36,1472.6399999999994
Hunter Inc,1985-03,85503.66,51888.86,33614.8
"Burnett, King and Carpenter",2006-08,74522.44,33012.46,41509.98
Morrison and Sons,2004-02,13849.31,12311.61,1537.699999999999
"Cook, Boyle and Rowland",1997-09,36127.35,21986.92,14140.43
Thomas-Roberson,2004-02,36940.69,20171.47,16769.22
Ross Inc,1991-08,49907.99,12178.07,37729.92
"Ruiz, Wood and Luna",2021-10,40965.56,21338.86,19626.699999999997
Gray Ltd,2001-08,17692.58,14043.77,3648.8100000000013
"Blake, Arroyo and Henry",1970-01,53973.5,17916.63,36056.869999999995
Smith Inc,2009-04,36262.3,13660.29,22602.010000000002
Knox Ltd,2004-10,66034.82,36825.71,29209.110000000008
Watson and Sons,2000-12,20254.72,18316.06,1938.6599999999999
"Lamb, Levine and Schneider",2000-09,24404.04,12400.33,12003.710000000001
"Nelson, Barnett and Martin",1973-09,20970.4,14505.44,6464.960000000001
"Huff, Fisher and Lawson",1976-10,79542.87,36554.61,42988.259999999995
"Davis, Marsh and Sheppard",2003-08,94252.54,43060.09,51192.45
Bullock-Williams,1978-08,73086.64,17308.95,55777.69
Perry Inc,1997-10,77134.69,15908.66,61226.03
Holmes-Walker,1981-08,57751.03,35304.74,22446.29
Cruz-Montes,1972-08,55317.46,46769.95,8547.510000000002
Schneider Ltd,1983-09,72471.09,29936.91,42534.17999999999
Moreno-Gonzales,2013-03,97709.86,94304.0,3405.8600000000006
"Curtis, Booth and White",1992-04,49008.72,39375.64,9633.080000000002
"Flores, Smith and Mercer",1989-07,24991.48,11567.44,13424.039999999999
Washington LLC,1995-03,66133.89,36089.85,30044.04
"Smith, Hayes and Barber",2014-12,45314.02,33350.88,11963.14
"Morales, Camacho and Rodriguez",1970-07,23269.47,16270.62,6998.85
Rivera-Stewart,2018-11,79028.36,45139.86,33888.5
Bender-Donaldson,2018-12,99632.17,12016.53,87615.64
Riley-Sanchez,2012-01,31121.3,17530.77,13590.529999999999
Waters and Sons,2014-07,76564.9,37059.23,39505.66999999999
"Shepherd, Rice and Hernandez",1973-05,92581.89,57894.01,34687.88
"Smith, Anderson and Valentine",1972-02,29211.75,29158.61,53.13999999999942
Ho LLC,2022-06,50947.47,19777.55,31169.920000000002
Sanford-Morgan,1988-03,71395.92,31220.82,40175.1
Dean-Avila,2006-04,76703.53,74844.92,1858.6100000000006
Pacheco PLC,2002-12,61476.93,12561.95,48914.979999999996
Kennedy Group,1970-08,55292.15,45473.33,9818.82
"Clark, Adams and Martinez",1990-02,57914.16,18824.38,39089.78
"Mejia, Sullivan and Mccoy",1998-11,13839.55,13025.64,813.9099999999999
"Serrano, Clarke and Flowers",1992-03,48718.58,28009.54,20709.04
Brown-Smith,2001-01,69260.88,44443.92,24816.960000000006
Spears-James,2002-08,45085.77,18536.02,26549.749999999996
"Garrison, Chambers and Myers",1990-06,41880.61,14099.86,27780.75
Marsh LLC,2018-12,75688.22,63395.83,12292.39
Noble LLC,2011-05,28498.42,28088.9,409.5199999999968
"Smith, Gutierrez and Richardson",1973-11,64119.81,14522.74,49597.07
"Johnston, Gaines and Peterson",2007-07,21939.79,11635.5,10304.29
Short-Williamson,2001-10,93408.26,47059.33,46348.92999999999
"Knight, Farmer and Franklin",1990-04,39388.53,22565.5,16823.03
Mcknight-Harvey,2008-02,56919.8,55014.68,1905.1200000000026
"Lopez, Petty and Miller",1996-04,27072.83,21612.32,5460.510000000002
"Burton, Coleman and Flynn",2022-11,66746.28,22743.88,44002.399999999994
Wheeler-Bryant,2009-07,45774.44,32452.95,13321.490000000002
"Castillo, Robinson and Hancock",1983-01,10371.7,10258.23,113.47000000000116
Barton-Hopkins,1995-07,31264.32,20297.87,10966.45
Harmon LLC,2009-05,81838.52,51511.96,30326.560000000005
"Hughes, Johnson and Parker",2011-01,91355.03,42702.56,48652.47
"Mitchell, Bowers and Sullivan",1970-01,73890.08,31893.63,41996.45
Coleman Ltd,2023-02,26763.52,11968.27,14795.25
Garcia Inc,1979-08,39679.25,29589.35,10089.900000000001
Perez-Castaneda,1974-06,33742.28,32903.79,838.489999999998
"Johnson, Leonard and Johnson",2013-08,34427.46,28523.75,5903.709999999999
"Smith, Shah and Stevenson",2003-08,37465.94,30204.1,7261.840000000004
"Moore, Estrada and Vazquez",1994-06,77273.88,31430.24,45843.64
"Gray, Owens and Morris",1994-10,28982.47,24427.4,4555.07
"Huang, Welch and Garcia",1977-10,75594.52,30676.59,44917.93000000001
Oconnor PLC,2005-04,28369.21,11223.59,17145.62
Ford-Owen,1989-06,40204.34,28479.09,11725.249999999996
Sullivan LLC,1999-06,53564.92,23847.9,29717.019999999997
"Hurley, Greer and Freeman",1991-08,97168.93,64012.52,33156.409999999996
Lewis-Rowland,1991-05,61165.18,23575.15,37590.03
Baker-Combs,1982-09,29392.4,24668.41,4723.990000000002
"Lawson, Gould and Johnson",1978-03,78845.38,17371.45,61473.93000000001
Butler-Ponce,1970-12,57824.81,52650.54,5174.269999999997
"Long, Bennett and Mcdaniel",2002-02,45045.15,12786.46,32258.690000000002
Rivera-Clay,1984-06,80613.12,68832.39,11780.729999999996
Jones LLC,2021-03,43632.71,42221.4,1411.3099999999977
Jones-Rodriguez,2017-12,43165.26,35646.54,7518.720000000001
Reynolds and Sons,1997-03,12763.14,10487.55,2275.59
Young-Gutierrez,2013-03,79192.16,33371.6,45820.560000000005
Hernandez Inc,2008-02,24186.7,21152.81,3033.8899999999994
"Williams, Tucker and Smith",1987-05,24190.52,10117.33,14073.19
"Martinez, Hobbs and Edwards",1993-11,39524.53,12340.71,27183.82
Freeman-Whitaker,1973-07,31351.92,13197.03,18154.89
"Adams, Steele and Anderson",1996-07,21774.4,18094.85,3679.550000000003
Hall and Sons,2007-07,51825.17,41230.33,10594.839999999997
"Simpson, Delgado and Matthews",2016-07,97616.14,60717.43,36898.71
Reynolds-Gonzalez,2023-04,68550.62,14185.36,54365.259999999995
Bass-Harper,2018-03,23483.44,10371.8,13111.64
"Lynch, Morales and Chen",1984-11,84024.79,72426.4,11598.39
Flores and Sons,1994-09,10718.98,10456.15,262.8299999999999
Warren-Robinson,2015-12,65238.21,54562.89,10675.32
Vasquez Group,2002-06,71855.03,37253.25,34601.78
Blackwell-Lin,2006-07,27301.48,11382.4,15919.08
"Jimenez, Carter and Jackson",2008-02,31975.01,14776.8,17198.21
Lynch PLC,1971-04,36952.0,21579.43,15372.57
"Poole, Woods and Salazar",1979-12,69976.1,25790.91,44185.19
"Sanchez, Woods and Sanders",2000-07,79771.53,64447.96,15323.57
"Page, Jackson and Hopkins",1994-12,72558.71,22228.21,50330.50000000001
Torres Inc,2009-08,89210.84,43972.78,45238.06
"Johnson, Vega and Wheeler",1996-12,55589.28,31842.18,23747.1
Thomas-Mcguire,2020-11,74724.47,15345.18,59379.29
Joyce-Ware,2010-11,15883.55,14150.45,1733.0999999999985
Horn-Anderson,1971-05,59327.99,51648.37,7679.619999999995
Welch-White,1998-11,50325.28,47010.39,3314.8899999999994
Anderson-Hill,1989-08,14413.48,11112.81,3300.67
Welch Inc,1971-12,32376.57,16114.49,16262.08
Jones Inc,2021-10,23103.27,22861.68,241.59000000000015
Mcgee Inc,2010-09,52715.96,22132.86,30583.1
West-Gallegos,2010-03,47522.72,37440.04,10082.68
"Anderson, Ward and Lee",2019-01,76534.75,58102.28,18432.47
Hernandez LLC,2019-05,91447.4,77427.87,14019.529999999999
Schneider PLC,1970-08,85284.74,63807.45,21477.290000000008
Smith-Nguyen,2002-06,14568.01,13236.86,1331.1499999999996
Wood Group,1995-02,20798.04,17497.64,3300.4000000000015
Bailey and Sons,2010-05,96329.31,33331.95,62997.36
"Carrillo, Santiago and Gray",2019-10,61160.59,25625.41,35535.17999999999
"Singh, Dalton and Williams",2007-12,30049.06,19552.67,10496.390000000003
Owen-Weiss,2015-03,23528.26,12713.76,10814.499999999998
Edwards-Ryan,2005-08,30595.27,12607.98,17987.29
Ashley-Brock,2001-04,67878.65,50268.59,17610.059999999998
"Smith, Oneal and Woods",2022-04,59121.36,57119.58,2001.7799999999988
"Velazquez, Jones and Dixon",1989-03,92409.9,38988.52,53421.38
Anderson PLC,1999-04,70129.7,15578.2,54551.5
Mccann and Sons,1988-03,27566.96,10516.5,17050.46
Ross and Sons,1975-11,66584.69,28491.42,38093.270000000004
Price-Carpenter,2021-06,14793.63,12449.36,2344.2699999999986
Gonzales-Ward,2010-04,47911.95,17885.41,30026.539999999997
"Gill, Mendez and Clark",1993-10,31914.52,15257.93,16656.59
"Anderson, Steele and Johnson",1993-12,61693.48,45895.23,15798.25
"Long, Ross and Osborn",2019-04,11002.32,10054.37,947.9499999999989
Terry-Sheppard,1989-05,93011.61,76913.49,16098.119999999995
"Espinoza, Lewis and Blair",2013-03,45248.06,42315.93,2932.1299999999974
Santos and Sons,2004-01,94681.58,13836.52,80845.06
"Fox, Stanley and Rowland",1978-06,71403.14,27332.48,44070.66
Farmer Ltd,2023-09,46006.34,23549.03,22457.309999999998
Cole-Gibson,2015-03,60246.22,24257.95,35988.270000000004
"Smith, White and Atkins",2011-09,59327.21,27966.81,31360.399999999998
Lynch PLC,2007-03,72910.13,52536.24,20373.890000000007
Meza-Adams,2018-08,69753.14,57761.4,11991.739999999998
King-Wilson,1995-03,29289.9,27545.27,1744.630000000001
Moss-Smith,1981-08,85130.14,55274.81,29855.33
"Bautista, Drake and Fox",2009-10,41749.69,23486.27,18263.420000000002
Morales-Huerta,1975-07,16725.0,15232.78,1492.2199999999993
"Mcpherson, Armstrong and Blair",1975-01,24853.25,10849.9,14003.35
"Miles, Dunn and Snyder",1974-01,52695.81,43382.11,9313.699999999997
Costa-Grant,2005-05,58829.66,20235.76,38593.90000000001
"Campbell, Bullock and Gonzales",1994-03,63808.96,28530.38,35278.58
"Schmidt, Wise and Williams",2001-06,89828.54,43039.53,46789.009999999995
"Garcia, Phillips and Thomas",1994-10,25015.87,10098.03,14917.839999999998
Gutierrez Ltd,1971-07,80401.66,42799.46,37602.200000000004
Price Ltd,2023-05,77708.82,25558.92,52149.90000000001
Warren Group,1979-01,89732.5,88361.87,1370.6300000000047
Hall-Flores,2007-02,69478.39,52000.88,17477.510000000002
Combs-Lawrence,2016-07,64590.27,55798.6,8791.669999999998
"Young, Wright and Graham",1979-08,59449.02,35847.35,23601.67
Frazier PLC,2015-06,26453.22,10480.74,15972.480000000001
Mahoney Group,2013-10,54503.85,34288.79,20215.059999999998
Hansen and Sons,1989-09,83833.89,77788.17,6045.720000000001
Hernandez-Webb,1979-05,77016.27,14936.31,62079.96000000001
Kelley and Sons,2017-09,87930.16,43998.39,43931.770000000004
Bishop Ltd,1972-10,29293.49,24326.68,4966.810000000001
"Robertson, Gomez and May",2010-02,35872.16,10310.34,25561.820000000003
"Brown, Lowe and Fisher",2002-03,62592.92,54605.21,7987.709999999999
Gonzales-Taylor,2003-09,60373.02,18992.13,41380.89
Brooks PLC,1996-03,90434.23,20697.77,69736.45999999999
Donovan-Carlson,1977-12,41414.88,28574.24,12840.639999999996
Velez-Hogan,2004-06,27443.75,26358.21,1085.5400000000009
"Edwards, Greene and Ayers",2005-12,71392.71,68823.68,2569.0300000000134
Cisneros-Davis,2014-01,33303.85,32682.02,621.8299999999981
Williams Group,2018-07,77554.79,21877.39,55677.399999999994
Hudson-Harvey,1997-07,98488.54,39394.98,59093.55999999999
Foley-Tucker,1987-07,13259.63,11296.3,1963.33
"Payne, Mendoza and Cox",1999-11,74700.45,32063.36,42637.09
"Reyes, Burnett and Brooks",2002-12,89315.37,47642.32,41673.049999999996
Jenkins-Mckenzie,2001-12,87748.77,76363.0,11385.770000000004
Chandler Group,2013-01,47181.17,12306.64,34874.53
"Cisneros, Williams and Lopez",1989-07,85257.42,33578.12,51679.299999999996
Myers-Cruz,1992-03,52951.99,30174.33,22777.659999999996
Foley-Patterson,1981-04,22339.78,17065.43,5274.3499999999985
"Hoover, Alvarez and Hammond",1972-10,81932.0,59951.77,21980.230000000003
Love-Perez,2017-01,91585.5,19829.83,71755.67
Marsh-Thompson,1972-11,40237.53,16483.05,23754.48
Palmer Inc,1980-08,46547.24,34212.7,12334.54
West and Sons,2015-11,87615.12,86425.39,1189.729999999996
Shaw-Jackson,1970-08,10710.05,10330.21,379.84000000000015
Good LLC,2007-12,35324.6,29554.43,5770.169999999998
"Anderson, Miller and Ramirez",1993-12,15565.35,10176.64,5388.710000000001
Hernandez LLC,1998-12,12391.63,10779.31,1612.3199999999997
"Davis, Dennis and Foster",2015-04,44019.81,42094.2,1925.6100000000006
Williams and Sons,2012-07,52956.29,15854.36,37101.93
Ellis and Sons,1994-05,95310.93,23687.05,71623.87999999999
Nelson Ltd,1975-09,66005.63,11671.39,54334.240000000005
"Walker, Washington and Atkins",1979-04,13391.11,12591.68,799.4300000000003
Smith PLC,2013-12,64712.77,42063.07,22649.699999999997
"Dyer, Ford and Morse",2007-04,59960.2,36904.39,23055.809999999998
"Miller, Wallace and Garza",2005-04,48712.32,15438.34,33273.979999999996
"Wood, Lyons and Stanton",2014-05,87399.47,21643.27,65756.2
Mercer LLC,2019-03,60498.89,15923.15,44575.74
Miller-Salas,1976-05,72345.8,24037.65,48308.15
White-Woods,1981-12,17905.97,10186.08,7719.890000000001
"Brown, Wheeler and Williams",2014-02,22296.7,18306.06,3990.6399999999994
"Shaffer, Turner and Charles",2020-02,25866.08,24052.17,1813.9100000000035
Lewis-Rivera,2003-08,23680.84,12996.97,10683.87
Dunlap-Houston,1977-12,21018.31,11357.03,9661.28
Fields-Cooke,1981-05,18088.56,12375.18,5713.380000000001
Rice and Sons,1971-06,93637.26,78605.39,15031.869999999995
"Burton, Nunez and Stewart",1977-07,53302.4,22106.15,31196.25
Hamilton-Baker,2010-05,29766.56,19800.0,9966.560000000001
Robinson Inc,1980-09,95460.12,47084.47,48375.649999999994
"Mullins, Fisher and Brown",1986-09,82616.58,27287.28,55329.3
Nelson and Sons,1980-09,19348.07,14494.03,4854.039999999999
Marsh-Gutierrez,1971-11,97861.48,82697.65,15163.830000000002
Miller Group,1985-10,12051.04,10186.22,1864.8200000000015
Jones PLC,2010-03,15802.59,15664.41,138.1800000000003
Lawson-Rich,2014-11,57875.92,51637.63,6238.290000000001
Taylor-Hill,2000-03,34515.64,21786.47,12729.169999999998
Johnson Inc,1975-11,33814.28,18451.28,15363.0
Hall and Sons,1989-05,31038.82,14565.47,16473.35
Dougherty-Mcdonald,1993-10,58128.86,21085.12,37043.740000000005
Wilkerson-Silva,1991-08,24689.22,10853.56,13835.660000000002
Zavala and Sons,2011-08,82307.93,31294.35,51013.579999999994
Johnson and Sons,1990-08,87043.32,11193.31,75850.01000000001
"Davis, Larson and Cook",1993-07,52449.12,49565.14,2883.980000000003
Cameron Group,2009-02,41163.23,39457.89,1705.3400000000038
"Stewart, Brown and Hale",1970-04,93792.71,36869.74,56922.97000000001
Noble-Mccoy,2015-06,38936.27,15888.31,23047.96
Thomas Ltd,2023-06,25575.39,21122.34,4453.049999999999
"Everett, Weaver and Harris",1974-06,36264.95,21170.53,15094.419999999998
"Hunter, Scott and Adams",1982-07,18469.84,10875.56,7594.280000000001
"Ramos, Roy and Zimmerman",2021-09,28630.16,16269.35,12360.81
"Underwood, Moore and Kelly",2010-01,50555.62,20296.82,30258.800000000003
Marquez-Jennings,1997-03,44409.12,20516.15,23892.97
Anderson-Scott,2006-02,72858.8,40164.02,32694.780000000006
"Christian, Brown and Snow",1985-03,78808.05,18426.86,60381.19
"Pierce, Campbell and Duarte",2006-04,61428.87,20904.68,40524.19
Reynolds Inc,1988-03,87711.79,85960.11,1751.679999999993
Harris and Sons,2001-11,16527.04,16214.51,312.53000000000065
Turner-Young,1970-03,20983.52,13876.47,7107.050000000001
"Miller, Huff and Nguyen",1981-02,67387.21,30503.09,36884.12000000001
Smith Ltd,2002-12,20315.85,19194.2,1121.6499999999978
"Oliver, Young and Harris",2001-12,63848.53,35674.02,28174.510000000002
"Parker, Ford and Evans",1977-11,29857.71,14682.11,15175.599999999999
"Jordan, Morrison and Henderson",1970-04,64254.72,25953.69,38301.03
Walker-Villegas,2002-06,86901.12,14796.67,72104.45
"Parrish, Floyd and Robinson",1996-07,79302.4,62805.31,16497.089999999997
Thomas-Clark,2007-08,70026.71,68491.32,1535.3899999999994
Chapman-Glover,2020-03,75694.04,23514.38,52179.65999999999
"Estes, Johnson and Keller",1986-05,73249.89,49130.77,24119.120000000003
Morgan-Nguyen,1981-08,72598.57,44066.85,28531.72000000001
"Garcia, Armstrong and Archer",2008-08,41475.66,30574.23,10901.430000000004
"Bullock, Randall and Garcia",1970-05,96454.56,13744.63,82709.93
Edwards and Sons,2012-11,24820.29,14282.39,10537.900000000001
Clark-Cox,1981-01,91502.21,32807.83,58694.380000000005
Huff Inc,2001-08,75544.99,27615.23,47929.76000000001
Wood Inc,1983-12,64636.85,22137.42,42499.43
"Thomas, Warren and Wyatt",1996-07,85273.11,64571.09,20702.020000000004
Weber Inc,1983-10,91112.1,90110.59,1001.5100000000093
"Pacheco, Norton and Barry",1992-04,90560.8,66150.58,24410.22
Barnes-Jones,1993-06,20801.09,20645.03,156.0600000000013
Ruiz-Pennington,2001-04,93961.77,29060.39,64901.380000000005
Goodman Group,1975-01,29760.04,20951.5,8808.54
Williams-Nelson,2002-02,97334.12,84726.62,12607.5
Cooper-Hall,2005-06,60062.76,26604.68,33458.08
Chan LLC,1995-07,61384.74,34966.73,26418.009999999995
"Smith, Maynard and Brown",1999-12,34949.06,34944.21,4.849999999998545
Brown and Sons,2021-03,76561.34,41562.7,34998.64
Walker-Campbell,2000-05,29105.28,12032.55,17072.73
Gardner-Hart,1992-08,12099.31,11948.65,150.65999999999985
Green-Campbell,2006-01,21331.2,10254.99,11076.210000000001
"Palmer, Murphy and Mitchell",2021-05,86536.91,26522.93,60013.98
"Snow, Porter and Wood",2022-01,61403.74,12643.06,48760.68
Vazquez Ltd,2007-12,12690.79,10789.68,1901.1100000000006
"Palmer, Williams and Brown",1982-11,55637.86,30827.84,24810.02
"Smith, Jones and Wells",1999-10,99889.84,15583.51,84306.33
Dillon-Townsend,2023-04,77208.96,65880.73,11328.23000000001
"Ochoa, Dawson and Perry",2009-02,20161.58,18159.48,2002.1000000000022
Moss Ltd,2001-03,40404.9,32724.5,7680.4000000000015
"Alexander, Jenkins and Thompson",2014-11,66360.24,59838.76,6521.480000000003
"Miller, Brennan and Melendez",2018-06,26653.1,10628.46,16024.64
Ballard Inc,1977-07,95073.13,40850.04,54223.090000000004
Mckee-Harris,1990-07,31373.1,19329.86,12043.239999999998
"Burton, Johns and Decker",1981-09,31086.75,16332.86,14753.89
Lee-Wallace,1998-01,44181.7,40277.93,3903.769999999997
"Cuevas, Beard and Pham",2010-08,10005.26,10003.09,2.1700000000000728
"Kelley, Dorsey and Young",2006-05,19284.42,15119.84,4164.579999999998
Martin-Casey,1980-09,47331.16,37925.77,9405.390000000007
Valdez-Simpson,1995-05,72250.43,33345.99,38904.439999999995
"Russell, Robinson and Alexander",2001-05,51285.11,40695.61,10589.5
Simpson-Greene,1994-03,12227.35,11008.9,1218.4500000000007
"Peck, Chaney and Espinoza",1981-03,35258.4,15733.37,19525.03
"Garrett, Young and Wallace",2009-01,76773.87,61269.7,15504.169999999998
Moon Ltd,1991-04,55895.36,34852.63,21042.730000000003
Jones-Jensen,2010-08,74374.71,63547.23,10827.480000000003
Elliott PLC,1986-07,80230.58,76905.26,3325.320000000007
Dickerson Group,2004-01,17620.96,15437.38,2183.58
Leon-Herrera,1987-04,68708.45,62645.96,6062.489999999998
"Forbes, Montgomery and Taylor",2006-10,58095.51,36612.5,21483.010000000002
Medina Group,1999-06,87325.34,74124.51,13200.830000000002
Jefferson-Wagner,1983-08,45704.87,24823.01,20881.860000000004
Keller LLC,2010-04,25001.08,23725.84,1275.2400000000016
Molina and Sons,1998-06,24012.44,20809.07,3203.369999999999
"Jones, Chapman and Lee",2022-09,65365.27,27687.94,37677.33
Andrews LLC,1985-08,84321.67,28083.49,56238.17999999999
"Mitchell, Bailey and Owens",2014-05,74379.33,12065.68,62313.65
"Peterson, Williams and Mcbride",1974-01,69025.42,37002.55,32022.869999999995
"Perkins, Stewart and Campbell",2013-10,87822.37,77511.07,10311.299999999988
Henderson-Robinson,2012-07,24008.14,18811.88,5196.259999999998
"Lam, Baker and Hood",1974-12,46445.17,13742.03,32703.14
"Barker, Barrera and Maldonado",1972-11,64527.67,12280.31,52247.36
Salinas Group,2005-12,52983.77,36896.85,16086.919999999998
Anderson-Newman,2013-08,83440.14,41618.69,41821.45
"Tucker, Barry and Burton",2004-06,29509.48,18560.55,10948.93
"Sims, Owens and Delgado",2022-10,32617.67,17099.91,15517.759999999998
"Robertson, Hughes and Bell",1974-03,16540.43,10672.13,5868.300000000001
"Graves, Bryant and Hill",1983-10,75155.29,22280.3,52874.98999999999
"Morales, Marquez and Thomas",1981-11,92927.11,11419.54,81507.57
Bryan-Warner,1974-09,58338.28,26056.97,32281.309999999998
Fuentes-Brown,2021-11,18344.1,16851.28,1492.8199999999997
Snow-Miller,2016-11,25112.44,23443.6,1668.8400000000001
Rios LLC,2022-04,87644.07,38260.32,49383.75000000001
Bradford-Lawrence,1994-09,83403.64,44970.53,38433.11
Rodriguez-Willis,2006-06,34327.11,32420.84,1906.2700000000004
"Walsh, Lester and Dawson",1983-03,34297.01,31014.58,3282.4300000000003
Garcia Ltd,1986-03,47152.24,44785.16,2367.0799999999945
Dougherty Group,1972-03,32973.32,12810.8,20162.52
Wood Inc,1980-02,89899.04,28556.97,61342.06999999999
Moore Ltd,1976-11,42572.76,11611.03,30961.730000000003
"Smith, Nelson and White",1984-04,24953.82,21890.31,3063.5099999999984
Thompson Ltd,1996-08,17374.59,12034.21,5340.380000000001
"Palmer, Navarro and Bryant",2020-12,13372.54,12934.05,438.4900000000016
"Luna, Miller and Clay",1988-05,94235.12,71243.51,22991.61
Taylor PLC,1993-11,73936.79,69302.76,4634.029999999999
"Rice, Flores and Bennett",1999-09,52699.14,21244.39,31454.75
Martin Ltd,1971-08,98639.77,24257.4,74382.37
Taylor Inc,2013-02,17342.24,10600.02,6742.220000000001
Paul PLC,2023-01,15434.63,11597.87,3836.7599999999984
Moody Group,1989-03,74912.94,65442.88,9470.060000000005
"Oconnell, Hood and Torres",1987-10,98110.89,66140.1,31970.789999999994
Snyder-Wong,1986-02,35885.25,13089.69,22795.559999999998
Mclaughlin-Blankenship,2009-12,79389.35,51877.1,27512.250000000007
Williams-Beck,1977-04,79249.19,48085.55,31163.64
Parker and Sons,1995-04,35858.4,34517.37,1341.0299999999988
Trevino-Davis,2009-06,42654.5,28075.26,14579.240000000002
Fisher-Johnston,2001-08,25296.86,22603.37,2693.4900000000016
Murray PLC,1986-05,13267.18,10022.59,3244.59
Burton-Brady,2008-07,87495.07,11711.48,75783.59000000001
"Davis, Perez and Moore",1976-05,58819.06,17483.25,41335.81
Ross Ltd,2008-05,83490.29,33045.5,50444.78999999999
Spence-Sosa,2022-02,34208.59,19639.74,14568.849999999995
Kennedy-Bailey,1974-05,77821.87,36166.72,41655.149999999994
"Carson, Casey and Mathews",1984-02,16831.99,13689.99,3142.000000000002
"Hernandez, Johnson and Sanchez",2022-09,19436.78,12247.14,7189.639999999999
Patton-Smith,1998-08,94308.42,90251.39,4057.029999999999
Tyler-Ware,2016-07,63884.6,13069.2,50815.399999999994
Young and Sons,2019-10,27910.72,11051.43,16859.29
Mcgrath and Sons,2015-05,93109.47,58472.8,34636.67
Hess-Miller,2011-05,25961.17,24933.06,1028.109999999997
Shannon-Lambert,1996-04,23251.67,15643.15,7608.519999999999
Lara-Nguyen,2003-03,84784.96,44618.96,40166.00000000001
"Pierce, Howard and Parsons",1990-12,35402.3,18177.34,17224.960000000003
Estrada-Wells,1970-06,49447.36,23599.93,25847.43
"Brandt, Avila and Shepherd",2015-02,35603.61,34819.88,783.7300000000032
Stark Ltd,2020-12,81238.54,33105.54,48132.99999999999
Stanley Inc,2002-12,31086.68,30529.23,557.4500000000007
English Inc,2001-04,99391.83,50916.6,48475.23
"Patterson, Matthews and Hernandez",1976-12,94932.16,94853.45,78.7100000000064
"Kim, Ramos and Weaver",1971-02,12517.37,11681.88,835.4900000000016
"Warren, Lucas and Carrillo",2000-12,84609.57,47456.3,37153.270000000004
"Aguilar, Jones and Meyers",1976-05,20309.06,14082.54,6226.52
Jackson-Perry,2012-02,86319.73,85508.19,811.5399999999936
Castro-Graham,2006-03,88632.97,61346.92,27286.050000000003
Contreras-Kelly,2013-07,78807.91,68182.74,10625.169999999998
Haynes and Sons,2020-06,97285.47,26629.91,70655.56
Blankenship-Stokes,1975-07,79595.01,71636.56,7958.449999999997
Chavez and Sons,1973-02,76006.91,72928.11,3078.800000000003
Parker-Rice,1998-08,56709.64,30919.69,25789.95
Haynes Inc,2014-02,69531.36,22845.42,46685.94
Sweeney-Payne,1991-06,55615.08,50327.33,5287.75
Jackson LLC,1996-08,77225.01,75624.03,1600.979999999996
Garcia-Gonzalez,2000-10,93335.39,48455.03,44880.36
Anderson Ltd,1986-01,40238.06,24488.48,15749.579999999998
Young and Sons,1983-01,12316.56,10091.14,2225.42
"Simmons, Ray and Reid",2011-04,71769.78,59512.23,12257.549999999996
Williams-Morse,2006-10,49698.51,41469.0,8229.510000000002
Peterson-Rivera,1971-10,22355.52,14106.57,8248.95
"Perez, Dillon and Johnson",2014-03,19327.17,11270.63,8056.539999999999
Clark Ltd,2018-12,11296.87,10603.87,693.0
Rodriguez-Fox,1991-07,52843.92,39684.23,13159.689999999995
Harrison LLC,1993-01,77620.58,77295.12,325.4600000000064
Rodriguez LLC,1980-03,64836.7,61061.77,3774.9300000000003
Walker and Sons,1976-07,23292.13,15965.98,7326.1500000000015
Day-Franklin,2007-11,26896.64,23443.01,3453.630000000001
Mendez and Sons,1982-07,78500.99,13119.5,65381.490000000005
"Ayala, Poole and Wheeler",2024-03,80060.95,48230.36,31830.589999999997
"Wright, Shelton and Conway",1978-07,76144.42,53936.61,22207.809999999998
James and Sons,1974-04,18645.54,12152.71,6492.830000000002
Clark-Jones,2009-07,44441.88,23133.46,21308.42
"Greene, Brown and Johnson",2022-07,80038.5,72415.04,7623.460000000006
Reid and Sons,2023-10,22125.36,17415.64,4709.720000000001
Velazquez and Sons,2011-06,64375.82,31978.25,32397.57
Rogers Ltd,1980-12,75562.24,64366.72,11195.520000000004
Johnson and Sons,1972-10,32198.99,12881.62,19317.370000000003
Morgan-Morales,1972-02,90619.23,12482.9,78136.33
Hancock Ltd,1988-05,79063.64,59449.39,19614.25
Myers-Williams,2018-11,63957.01,15176.95,48780.06
"Hammond, Jimenez and Riley",2000-10,75249.67,63202.62,12047.049999999996
"Stewart, Rose and Carroll",2000-05,16200.46,10556.9,5643.5599999999995
"Estrada, Ferguson and Schroeder",1993-08,30203.85,26045.93,4157.919999999998
Martin-Bentley,2021-12,27637.11,21855.61,5781.5
Watkins-West,2002-08,94831.86,77927.47,16904.39
"Johnson, Weaver and Johnson",2003-09,61560.85,12054.72,49506.13
Bullock-Riggs,2014-06,88593.65,85822.48,2771.1699999999983
Weaver Inc,1995-01,66933.77,46600.12,20333.65
Jones Inc,1994-01,79597.4,55568.99,24028.409999999996
"Dominguez, Wilson and Estes",2013-08,35078.47,20097.19,14981.280000000002
Diaz-Macdonald,1976-11,50017.92,13576.39,36441.53
Lee-Joyce,1993-04,14485.61,11505.43,2980.1800000000003
"Hall, Mccormick and Smith",2021-12,35661.95,14676.52,20985.429999999997
Barron Ltd,1988-12,43649.89,32954.03,10695.86
Campbell-Ramos,2002-10,86592.49,47841.86,38750.630000000005
Le Group,1985-07,67198.77,25573.19,41625.58
"Tran, Gray and Taylor",1975-11,42859.68,16895.08,25964.6
Lee PLC,1979-11,15126.73,14612.97,513.7600000000002
Jackson-Gray,1970-10,60038.83,20069.47,39969.36
"Tate, Horn and Alexander",1971-03,79124.29,22764.86,56359.42999999999
Flores-Wagner,1973-05,82191.71,80381.38,1810.3300000000017
"Garcia, Clark and Weiss",1973-10,13345.29,10471.9,2873.3900000000012
Martin-Wagner,1980-01,95585.36,70424.34,25161.020000000004
Miller LLC,2000-02,14229.92,12163.12,2066.7999999999993
Ferrell Group,2013-02,18533.3,12480.88,6052.42
"Torres, Cook and Ramsey",1974-04,99485.68,79182.79,20302.89
Bray Inc,1979-04,37992.49,27993.84,9998.649999999998
Hunt Inc,2020-03,79486.0,76250.82,3235.179999999993
Brown PLC,2019-04,73610.99,66645.28,6965.710000000006
"Alexander, Bray and Nichols",1985-02,75741.64,56965.3,18776.339999999997
Nichols PLC,1993-08,63742.24,45598.29,18143.949999999997
"Cummings, Jackson and Edwards",1996-04,52648.64,40231.98,12416.659999999996
"Robinson, Palmer and Sanchez",2011-12,34224.82,25828.77,8396.05
Bennett-Miller,1987-11,93013.01,12648.56,80364.45
"Fernandez, Fuller and Reed",1987-01,62808.48,44052.19,18756.29
Miller-Higgins,2020-08,67539.89,60243.65,7296.239999999998
Williams Group,1978-08,99518.87,69128.79,30390.08
"Mata, Roberts and Farley",1975-06,53256.43,37668.25,15588.18
Jones PLC,2009-04,13298.75,11762.72,1536.0300000000007
"Garcia, Lopez and Johnson",1970-10,86210.3,83388.7,2821.600000000006
"Williams, Gonzales and Morgan",1975-08,58106.21,13702.15,44404.06
Newman Group,2011-01,21934.44,18580.43,3354.0099999999984
"Moore, Perkins and Perez",2022-02,46292.38,14528.99,31763.39
Martinez PLC,1974-06,55143.0,11436.62,43706.38
"Kaiser, Mason and Rodriguez",2003-03,18911.03,15814.69,3096.3399999999983
Newton-Hernandez,1978-06,45982.79,17526.47,28456.32
Williams PLC,1981-07,53984.73,24429.13,29555.600000000002
"Fernandez, Smith and Gonzalez",1997-02,25168.94,18870.36,6298.579999999998
Garrison Group,1985-02,78376.03,34712.15,43663.88
"Cox, Brown and Foster",2020-07,91741.95,27139.76,64602.19
"Gray, Riley and Mccall",1980-02,47974.75,12373.48,35601.270000000004
"Morris, Duncan and Boone",1999-08,12648.01,12010.04,637.9699999999993
"Jimenez, Horne and Jordan",2009-10,63246.57,41912.04,21334.53
"Castillo, Jennings and Mason",2023-11,74303.62,45320.03,28983.589999999997
Reynolds and Sons,1986-11,52852.19,11785.24,41066.950000000004
"Reid, Downs and Mann",1989-03,89211.96,12580.12,76631.84000000001
"Werner, Brady and Johnston",1974-08,35465.97,26138.74,9327.23
"Shields, Sanchez and Chan",1992-07,45253.99,30323.89,14930.099999999999
Cooper-Abbott,1977-01,71312.23,36882.91,34429.31999999999
Wilson-Thomas,2014-09,83613.26,28986.76,54626.5
Jones and Sons,2024-03,32450.78,26114.49,6336.289999999997
Ortiz Group,2003-08,69971.67,63504.86,6466.809999999998
Adams Ltd,1977-10,11455.86,11014.47,441.39000000000124
"Stone, Hall and Morse",2021-01,18084.89,11167.94,6916.949999999999
Moon-Jones,1981-04,82166.82,15078.27,67088.55
Lewis-Guerrero,2005-04,68262.74,14372.22,53890.520000000004
Luna-Eaton,2013-07,40810.61,27099.42,13711.190000000002
Lewis Ltd,1994-06,94253.08,30778.58,63474.5
Hogan PLC,1997-12,29574.17,18291.1,11283.07
"Curry, James and Lindsey",2002-01,66119.2,35685.3,30433.899999999994
Wright-Pearson,1981-01,64602.4,31116.96,33485.44
Herrera and Sons,1993-07,43678.8,34660.02,9018.780000000006
Martinez Ltd,1979-01,79615.93,40676.65,38939.27999999999
"Chavez, Martin and Wang",1994-01,68046.98,18913.48,49133.5
"Todd, Pineda and Sims",1985-05,97020.26,87974.05,9046.209999999992
Lewis-Williams,2009-03,85503.2,84660.32,842.8799999999901
Chavez PLC,2003-06,53781.04,36595.84,17185.200000000004
Caldwell-Smith,2012-03,42940.31,13119.87,29820.439999999995
Cook-Hall,1973-04,26775.92,25803.65,972.2699999999968
Jenkins-Houston,2018-12,78741.66,57577.3,21164.36
"Palmer, Morales and Humphrey",2020-04,26273.61,17780.19,8493.420000000002
Wilkins-Wood,1994-02,61026.33,29052.76,31973.570000000003
Hughes-Whitney,1993-06,52250.87,50655.5,1595.3700000000026
Humphrey Ltd,1991-02,29895.65,22895.05,7000.600000000002
Bennett-Palmer,1984-03,95113.11,66567.59,28545.520000000004
Scott-White,1995-04,36459.54,13114.98,23344.56
Parker PLC,2023-12,53670.76,21767.16,31903.600000000002
"Myers, Brown and Ferguson",2014-02,15461.98,14220.77,1241.2099999999991
"Richards, Callahan and Wyatt",2021-11,72825.18,72096.12,729.0599999999977
Lawrence and Sons,1981-05,82767.14,71069.51,11697.630000000005
"Gutierrez, Howard and Hendricks",1981-05,10513.8,10343.15,170.64999999999964
Duncan LLC,1998-04,51557.77,16055.38,35502.39
Howell-Pearson,2003-08,38344.66,13702.12,24642.54
Briggs-Williams,2017-03,74333.02,36617.91,37715.11
Mitchell PLC,1986-02,52722.2,30398.34,22323.859999999997
Mclean-Lucas,1981-03,74088.61,60232.25,13856.36
Wallace-Williams,2022-10,53531.27,33500.44,20030.829999999994
Martin Inc,2010-08,31291.78,20743.61,10548.169999999998
Ford and Sons,1979-05,27309.11,24718.92,2590.1900000000023
Duran Inc,1982-03,57385.55,55096.47,2289.0800000000017
"Coleman, Moore and Strong",2001-04,58621.97,54301.31,4320.6600000000035
Henson and Sons,2002-04,23733.85,17106.94,6626.91
Hayes-Nelson,2024-04,92443.13,90244.57,2198.5599999999977
"Owens, Fletcher and Schaefer",1993-04,61599.51,27019.06,34580.45
"Barrera, Giles and Mcdonald",2019-11,90611.62,34346.05,56265.56999999999
Duran-Andrade,1979-02,49873.41,13919.56,35953.850000000006
Woods Inc,2005-03,65354.79,39756.76,25598.03
"Castillo, Sloan and Perez",2019-07,11346.25,10659.18,687.0699999999997
Harris-Irwin,2001-08,18004.55,13055.88,4948.67
"Martinez, Taylor and Ramirez",2000-01,33025.86,32588.49,437.369999999999
"Cabrera, Love and Simpson",1990-02,84218.98,50191.95,34027.03
"Ortiz, Davis and Salazar",2016-05,96141.59,21198.56,74943.03
Le-King,2011-12,81188.46,66604.95,14583.51000000001
Reyes PLC,2013-06,41698.63,33971.55,7727.0799999999945
Brown-Wheeler,2005-06,12650.82,10557.61,2093.209999999999
Carr PLC,1991-05,57296.72,12922.01,44374.71
"Hernandez, Fischer and Armstrong",2008-08,88448.07,73076.62,15371.450000000012
Hancock Group,1984-12,82170.69,43826.07,38344.62
Richards and Sons,2009-05,33512.55,23389.52,10123.030000000002
Swanson LLC,1987-07,11632.03,10842.26,789.7700000000004
Chavez Inc,1972-09,39321.17,32676.97,6644.199999999997
Ware-Tucker,1978-01,17815.91,14961.23,2854.6800000000003
Gibson and Sons,2001-06,59863.06,45708.95,14154.11
"Donovan, Alexander and Stephens",1998-11,95454.89,11429.02,84025.87
Klein and Sons,1986-05,35256.87,32205.15,3051.720000000001
Williams-White,2005-03,66805.27,19993.91,46811.36
Young-Cooley,2022-05,10386.79,10147.76,239.03000000000065
"Johnson, Steele and Keith",1988-04,11887.96,10891.19,996.7699999999986
"Simpson, Williams and Johnson",2005-09,93041.99,62798.85,30243.140000000007
"Olsen, Cruz and Lewis",1983-02,86860.03,68026.55,18833.479999999996
Sherman-Davidson,1999-09,57923.98,13555.23,44368.75
"Stanley, Kelley and Rodriguez",2019-05,80462.95,42657.48,37805.469999999994
Wells PLC,1980-07,60973.41,31229.48,29743.930000000004
"Delacruz, Smith and Gill",1988-11,22492.38,14002.83,8489.550000000001
"Cruz, Santos and Smith",1982-11,48422.98,10934.69,37488.29
"Malone, Liu and Wheeler",2003-08,71412.6,12512.97,58899.630000000005
Roberts PLC,1970-10,62813.51,17789.21,45024.3
Long Group,2009-02,82322.69,54976.39,27346.300000000003
"Keith, Smith and Crawford",1987-04,22646.87,13218.41,9428.46
"Cox, Olson and Parks",1988-04,45455.56,33137.19,12318.369999999995
Byrd and Sons,1994-01,19227.15,17262.77,1964.380000000001
Williams-Daniels,2014-03,12294.97,10932.5,1362.4699999999993
Miller-Whitney,2012-06,21014.48,18776.7,2237.779999999999
"Morales, Patton and Martin",1975-01,23742.32,22092.55,1649.7700000000004
Pruitt Ltd,1986-08,27277.86,25781.89,1495.9700000000012
Jones-Washington,2009-06,49293.69,32687.1,16606.590000000004
Santos-Wiggins,1983-04,81287.12,35346.69,45940.42999999999
Green-Johnson,2022-07,67192.94,15991.22,51201.72
Baker LLC,2007-03,31959.01,18516.75,13442.259999999998
"Melendez, Jones and Johnson",1979-11,25784.02,20499.41,5284.610000000001
Parker LLC,2021-01,55795.27,53931.78,1863.489999999998
"Elliott, Martinez and Robles",2008-06,32203.27,14623.3,17579.97
Smith-Gutierrez,2013-07,96053.18,44720.71,51332.469999999994
Lin and Sons,1990-05,41469.01,22763.62,18705.390000000003
Obrien-Foster,1983-11,94037.71,78024.78,16012.930000000008
"Gonzalez, Reed and Bates",1975-03,81411.65,78584.32,2827.329999999987
Sutton Group,2019-01,55821.26,42747.52,13073.740000000005
"Burton, Gibson and Garrison",1977-08,31460.65,16699.89,14760.760000000002
Johnson Inc,2018-05,48653.43,35240.93,13412.5
"Dean, Ramos and Gallegos",2018-03,97708.09,27252.25,70455.84
Knapp-Torres,1991-04,45591.81,32311.45,13280.359999999997
Rocha-Lang,2000-04,52573.22,31588.66,20984.56
"Morgan, Tucker and Conner",1985-11,93532.14,58863.95,34668.19
Nelson-Gay,2020-04,49400.91,25143.81,24257.100000000002
"Evans, Perry and Ross",1972-08,42349.36,27174.18,15175.18
Hood PLC,1982-01,32770.46,11635.4,21135.059999999998
Anderson and Sons,1970-03,83016.91,32073.25,50943.66
Day PLC,2003-09,72410.29,10655.16,61755.12999999999
"Taylor, Johnson and Mullins",1981-11,46385.05,24707.13,21677.920000000002
"Hernandez, Burke and Ford",1999-09,88840.51,32538.84,56301.67
Gordon-Miller,2012-01,26427.42,23620.69,2806.7299999999996
"Fisher, Fletcher and Kent",1984-09,31522.28,26208.84,5313.439999999999
Wolfe-Thompson,1970-09,44074.16,36545.87,7528.290000000001
Ortiz-Ellis,1996-12,82149.03,46116.85,36032.18
"Black, Brooks and Smith",1985-09,77956.65,43426.34,34530.31
Dodson Inc,1989-10,74620.71,65612.41,9008.300000000003
Vargas-Johnson,1988-02,69550.24,11869.95,57680.29000000001
"Montes, Edwards and Marsh",1975-05,31762.79,21156.87,10605.920000000002
"Bonilla, Baker and Young",1990-08,63182.45,55273.97,7908.479999999996
"Williams, Bradford and Peters",1988-12,56762.07,31909.17,24852.9
"Robinson, Jones and Dalton",1978-05,15385.69,10442.76,4942.93
"Cunningham, Campbell and Estrada",2014-06,40432.44,21093.61,19338.83
Pineda LLC,2018-04,30392.21,20221.02,10171.189999999999
"Solis, Williams and Guerrero",2008-11,15959.17,11854.82,4104.35
Kennedy Group,1970-02,53513.83,13828.7,39685.130000000005
Chung-Robertson,2020-08,98149.54,75425.58,22723.959999999992
Vaughan-Gray,1973-11,77222.58,32423.3,44799.28
Jackson-Reeves,1987-07,42306.01,38406.29,3899.720000000001
"Valenzuela, Grant and Harrell",2008-09,99990.67,12405.29,87585.38
Wallace LLC,1974-09,28340.36,20437.48,7902.880000000001
"Barnes, Kelly and Chang",1979-01,83912.67,67029.21,16883.459999999992
Alvarez Inc,1989-03,32182.47,12963.85,19218.620000000003
Edwards Ltd,2009-08,95823.66,11381.42,84442.24
Chung-Smith,1986-12,82173.78,40971.94,41201.84
Price Ltd,2009-03,56330.55,41615.66,14714.89
"Shaw, Price and Hogan",1988-10,74821.6,26017.53,48804.07000000001
Powell-Patterson,1984-05,21560.22,16232.65,5327.5700000000015
Hernandez PLC,1985-03,28636.78,16151.37,12485.409999999998
Taylor-Johnson,1985-08,60704.68,52020.29,8684.39
Williams-Caldwell,1996-04,26626.86,12912.1,13714.76
Anderson Inc,2012-03,42207.03,19296.85,22910.18
Shaw PLC,2013-03,42104.6,13025.39,29079.21
Wright PLC,2013-06,47652.28,46035.37,1616.9099999999962
"Osborne, Ford and Long",2007-10,12131.42,10062.39,2069.0300000000007
Jackson-Ward,2005-03,74799.18,60507.46,14291.719999999994
"Alexander, Allen and Marquez",1991-09,82793.67,12584.1,70209.56999999999
"Turner, Alvarado and Cox",2011-06,98384.2,20772.1,77612.1
Lee PLC,1973-03,88786.39,30716.92,58069.47
Chavez LLC,2002-10,45423.36,20149.63,25273.73
Miller-Young,1996-12,54852.62,42074.3,12778.32
Schmitt-Williams,1976-10,79971.74,47899.03,32072.710000000006
Ramos-West,2008-11,43672.45,29396.78,14275.669999999998
Flores Group,2009-10,72148.38,48086.49,24061.890000000007
Phelps-Cabrera,1981-02,97858.98,38617.9,59241.079999999994
Davis Inc,1986-11,13007.87,11710.33,1297.5400000000009
Ortega-Adams,1984-10,90681.39,18688.5,71992.89
"Ortiz, Patton and Rose",1999-06,44559.68,37198.07,7361.610000000001
"Sanchez, Hill and Martinez",1977-05,13528.79,10155.15,3373.6400000000012
"Lewis, Hanna and Mueller",2008-06,19669.84,10320.53,9349.31
Patterson-Burns,1973-12,62890.37,21776.15,41114.22
"Alexander, Wilson and Robertson",1978-03,85979.37,82953.88,3025.4899999999907
"May, Bell and Padilla",2006-10,85492.98,25367.67,60125.31
Watson-Richards,2000-09,41289.98,21792.0,19497.980000000003
Noble-Guzman,1986-05,87256.26,53273.02,33983.24
Odom-Chan,1987-12,46915.02,17318.1,29596.92
Snow-Davis,2017-12,25792.75,23660.86,2131.8899999999994
"Morse, Mcdaniel and Rose",1975-08,69734.22,18476.79,51257.43
Arnold Ltd,2023-09,21394.29,11343.84,10050.45
Munoz-Huffman,2012-03,74431.81,43583.8,30848.009999999995
"Watson, Johnson and Smith",2019-12,27859.39,20826.69,7032.700000000001
Fleming Group,2012-06,23797.59,16237.1,7560.49
"Mcbride, Keller and Carr",2012-06,48942.38,30417.93,18524.449999999997
Gibson-Young,1983-08,51605.43,48191.15,3414.279999999999
Farley-Griffin,1974-02,75570.52,20103.91,55466.61
"Reyes, Mcdonald and Jones",2021-06,68119.53,57896.23,10223.299999999996
Bray Ltd,1976-08,99825.51,16580.63,83244.87999999999
Gonzalez LLC,1998-01,85392.26,32333.12,53059.14
Harris-Jordan,1988-02,10113.15,10104.57,8.579999999999927
Vega-Rice,1970-07,80512.83,66793.76,13719.070000000007
"Lee, Small and Long",1999-06,33894.15,14680.9,19213.25
Smith-Andrade,2013-11,55916.28,15457.94,40458.34
"Gallagher, Montgomery and Koch",1996-11,74437.59,58898.26,15539.329999999994
"Coleman, Lee and Chavez",2021-07,80113.41,48587.56,31525.850000000006
Mcneil Ltd,2008-01,26927.42,14160.07,12767.349999999999
"Parks, Willis and Hansen",2011-01,25931.7,20575.66,5356.040000000001
Mcgrath-Walters,1991-11,30414.5,20161.2,10253.3
Murray-Phillips,2001-10,89166.62,70086.33,19080.289999999994
Johnson-Lopez,1997-02,94184.46,61593.49,32590.97000000001
"Kim, Johnson and Peck",2012-03,38136.39,31719.25,6417.139999999999
"Jones, Holden and Johnson",1973-07,91860.32,64871.18,26989.140000000007
"Orozco, Silva and Krueger",1981-04,67493.83,53721.62,13772.21
"Robinson, Clark and Cooper",2001-12,36831.97,34843.75,1988.2200000000012
"White, Woodard and Buckley",1996-08,94656.07,27187.07,67469.0
Park-Stevens,2019-04,24199.72,12252.33,11947.390000000001
"Jones, Martin and Rogers",2019-11,11494.87,10207.52,1287.3500000000004
Kim Ltd,2015-08,49048.72,19681.23,29367.49
"Kelly, Padilla and Manning",1975-12,77070.28,39565.82,37504.46
"Washington, Suarez and Spencer",2006-10,52968.74,36879.75,16088.989999999998
Flores Ltd,1996-06,12662.39,10335.57,2326.8199999999997
Coleman Group,1987-12,13516.73,11068.85,2447.879999999999
"Vargas, Leon and Rasmussen",2013-01,18935.99,10237.92,8698.070000000002
Davenport-Ramos,1984-09,23775.33,12288.61,11486.720000000001
Washington-Hardy,1989-01,76205.7,62295.59,13910.11
Sims and Sons,1998-07,74478.97,39397.09,35081.880000000005
Schmidt PLC,1989-04,12977.05,12022.34,954.7099999999991
"James, Bennett and Smith",2013-09,83812.22,59972.84,23839.380000000005
Anderson-Ray,2018-05,24571.35,12970.24,11601.109999999999
"Reese, Kim and Sampson",1971-03,83282.69,14475.23,68807.46
"Bush, Smith and Stark",1999-02,39653.05,17624.52,22028.530000000002
Meyer-Haynes,1995-05,91456.62,73458.55,17998.069999999992
Nash-Scott,1983-03,26326.81,23346.83,2979.9799999999996
"Jennings, Bender and Baker",1986-05,25543.55,12288.85,13254.699999999999
Sullivan Group,2019-09,50062.13,38922.88,11139.25
Riddle Group,1978-02,17912.21,14531.04,3381.1699999999983
Stanton Ltd,1993-07,65471.07,12864.44,52606.63
Hunter-Allen,2020-03,58321.2,18116.15,40205.049999999996
Rogers Ltd,1975-06,30442.14,18230.77,12211.369999999999
"Goodman, Moore and Moody",2000-07,40939.01,17224.07,23714.940000000002
Gray-Mclaughlin,2012-06,41987.9,36341.88,5646.020000000004
Andrews and Sons,1978-12,65030.35,53706.76,11323.589999999997
Nichols LLC,1970-12,13333.45,10158.01,3175.4400000000005
Randall-Wallace,2015-04,53294.34,20174.97,33119.369999999995
Russo-Smith,1989-06,85498.2,76530.86,8967.339999999997
"Thomas, Washington and Martinez",2015-06,31347.87,27142.46,4205.41
Salas-Morrison,2001-04,69553.29,39080.34,30472.949999999997
Lopez-Harris,2021-02,16176.43,14497.54,1678.8899999999994
"Bray, Miller and Reid",1984-08,62661.85,59449.17,3212.6800000000003
Vasquez-Fuller,1974-02,50775.14,18069.72,32705.42
Boone-Green,2021-12,21042.83,16611.29,4431.540000000001
"Johnson, Lloyd and Gonzales",2009-10,91179.81,43597.58,47582.229999999996
Stephenson Group,2014-07,12414.8,10500.43,1914.369999999999
Carter Group,2019-08,38993.18,24655.07,14338.11
"Ramirez, Lamb and Chambers",1972-08,24581.16,18989.71,5591.450000000001
Washington-Thomas,1978-02,31073.21,30327.57,745.6399999999994
Dominguez LLC,1985-02,64941.9,37754.26,27187.64
Osborn-Harris,1981-08,51436.41,51255.84,180.57000000000698
"Johnson, Stewart and Johnson",2020-12,65677.86,54500.39,11177.470000000001
"Spencer, Lopez and Woods",2003-06,92204.0,76414.19,15789.809999999998
Thomas-Miller,1985-10,73284.86,25756.77,47528.09
"Mayo, Chavez and Solis",1983-05,33279.54,11201.61,22077.93
Grant Ltd,1973-10,99364.24,42018.3,57345.94
"Nixon, Smith and Kaufman",2021-05,19121.59,17640.42,1481.170000000002
Alexander Group,2020-07,11908.78,11520.45,388.3299999999999
"Lee, Gonzalez and Clark",2011-04,96443.05,90367.47,6075.580000000002
Guerra LLC,2011-10,13964.25,11871.85,2092.3999999999996
Fleming-Moore,2023-11,67152.48,40699.23,26453.249999999993
Obrien-Hayes,1992-01,84330.29,18669.0,65661.29
Weber-Martinez,2019-02,52889.25,15223.99,37665.26
Newton Inc,2013-10,37918.62,30187.58,7731.040000000001
"Delgado, Yang and Gross",1998-12,62991.75,62306.82,684.9300000000003
Miller and Sons,2009-08,17214.45,13787.03,3427.42
Marshall-Haney,1980-09,19067.22,14493.44,4573.780000000001
Cox-Smith,2021-10,65897.92,24379.64,41518.28
Anderson-Martin,1978-03,66490.63,43772.49,22718.140000000007
"Dominguez, Garcia and Hunter",1985-11,86086.24,56115.53,29970.710000000006
"Burton, Rivera and James",1989-05,77158.58,14721.3,62437.28
"Cobb, Waller and Moore",1979-12,21825.04,10126.32,11698.720000000001
"Weeks, Lloyd and Chen",1987-10,26409.31,20861.01,5548.300000000003
Wilson LLC,2004-10,24506.74,10508.59,13998.150000000001
Holmes Inc,2024-01,62031.06,33595.87,28435.189999999995
Hood-Reeves,1972-10,42975.92,19796.97,23178.949999999997
Cruz-Myers,1988-01,46173.43,21638.83,24534.6
"Payne, French and Alexander",1977-08,51666.87,50422.71,1244.1600000000035
Jordan-Kelly,1976-11,52978.56,35107.41,17871.149999999994
Hughes Inc,1993-06,86670.52,40059.24,46611.280000000006
Rice-Martinez,2002-06,98273.71,22936.61,75337.1
"Allen, James and Gomez",2013-10,41232.28,27064.69,14167.59
Reynolds-Chang,1985-06,37547.81,31408.06,6139.749999999996
"Pugh, Peterson and Parks",1997-04,45480.98,22374.9,23106.08
Jones-Briggs,2022-08,54040.37,50575.48,3464.8899999999994
"Smith, Sherman and Marks",2004-12,11134.21,10445.24,688.9699999999993
Peterson-Saunders,1975-06,68183.76,64685.02,3498.739999999998
"Smith, Harrison and Shah",1983-03,23486.25,11849.39,11636.86
"Thompson, Thompson and Brown",2009-03,56793.1,32666.3,24126.8
"Morgan, Mcgrath and Wright",2017-03,89223.54,32279.39,56944.149999999994
Macias-Smith,1979-07,96553.23,91757.43,4795.800000000003
Hicks-Anderson,1996-12,68091.86,44713.05,23378.809999999998
"Peters, Zuniga and Parks",1971-02,34595.91,25427.7,9168.210000000003
Waller-King,2004-08,80015.56,44395.77,35619.79
Obrien Ltd,1998-02,81332.98,45093.75,36239.229999999996
Reed-Ochoa,2014-05,17427.83,10601.48,6826.350000000002
"Harrison, Scott and Mcdonald",2019-01,90587.42,84710.22,5877.199999999997
Johnson-Smith,2020-11,95541.41,70730.87,24810.540000000008
Brown-Adams,2012-10,59845.08,22047.64,37797.44
"Scott, Garrison and Ward",2007-04,57555.86,28235.43,29320.43
"Romero, Williams and Cole",2022-08,62381.41,57077.51,5303.9000000000015
"Cervantes, Soto and Williams",2023-01,65564.95,31142.95,34422.0
Perez-Smith,1999-08,40927.87,13709.56,27218.310000000005
Perry-Lawrence,2019-09,11203.94,10482.74,721.2000000000007
Barber PLC,1992-12,45503.53,13323.99,32179.54
Newman Ltd,1970-03,46262.14,45685.72,576.4199999999983
"Johnson, Ruiz and Vasquez",2016-04,85270.04,61001.74,24268.299999999996
"Haynes, Calderon and Oneill",1998-06,51542.58,14601.8,36940.78
Richardson-Bruce,2022-07,16762.52,14027.13,2735.3900000000012
Anderson-Sims,2014-04,42565.68,32714.77,9850.91
"Rowe, Gonzalez and Pearson",2010-01,30458.76,26000.78,4457.98
Taylor-Gilbert,2018-09,37448.96,29003.47,8445.489999999998
Powell-Snyder,1995-05,82672.07,45101.48,37570.590000000004
Patton LLC,1976-05,85183.27,63875.9,21307.370000000003
Brown PLC,1974-06,50027.12,18987.0,31040.120000000003
"Tate, Daniels and Guzman",1979-04,84713.98,30415.99,54297.98999999999
Kennedy-Ashley,1990-03,92163.5,51044.85,41118.65
